%% This BibTeX bibliography file was created using BibDesk.
%% http://bibdesk.sourceforge.net/


%% Created for Lauro Cesar Araujo at 2015-04-27 19:43:45 -0300 


%% Saved with string encoding Unicode (UTF-8) 

@phdthesis{EstevaoCoelho,
    Author = {Est{\^e}v{ã}o Coelho Teixeira},
    Title = {Sensor APS com Faixa Din{\^a}mica Estendida},
    School = {Universidade Federal do Rio de Janeiro},
    Year = {2010},
    Type = {Tese de Doutorado},
    Address = {Rio De Janeiro}}
    
@mastersthesis{LidianeCampos,
	Author = {Lidiane Campos Costa},
	School = {Universidade Federal de Minas Gerais},
	Title = {Metodologia para caracteriza{\c c}{ã}o e compara{\c c}{ã}o de sensores de píxeis ativos integrados em tecnologia CMOS},
	Type = {Disserta{\c c}{ã}o de Mestrado},
	Year = {2016}}
	
@mastersthesis{Andre,
	Author = {André Santos de Oliveira Furtado},
	School = {Universidade Estadual de Campinas },
	Title = {Fabricação e Caracterização de Sensor de Pixel Ativo com Tecnologia NMOS de Porta Metálica},
	Type = {Disserta{\c c}{ã}o de Mestrado},
	Year = {2009}}

@article{Savvas,
	Author = {Savvas G. Chamberlain},
	Journal = {IEEE Journal of Solid-State Circuits},
	Number = {6},
	Pages = {333-342},
	Title = {Photosensitivity and Scanning of Silicon Image Detector Arrays},
	Volume = {4},
	Year = {1969}}
	
@article{Peter,
	Author = {Peter J. W. Noble},
	Journal = {IEEE Transactions on Electron Devices},
	Number = {4},
	Pages = {202-209},
	Title = {Self -Scanned Silicon Image Detector Arrays},
	Volume = {15},
	Year = {1968}}
	
@inproceedings{SuatEric,
	Author = {Suat U. Ay and Eric R. Fossum},
	Booktitle = {Symposium on VLSI Circuits Digest of Technical Papers},
	Title = {A 76 x 77mm, 16.85 Million Pixel CMOS APS Image Sensor},
	Year = {2006}}
    
@article{SuatMichael,
	Author = {Suat Utku Ay and Michael P Lesser},
	Journal = {Proceedings of SPIE - The International Society for Optical Engineering},
	Title = {CMOS Active Pixel Sensor (APS) Imager for Scientific Applications},
	Year = {2002}}
	
@phdthesis{Babair,
    Author = {Babar Hussain},
    Title = {Design and Implementation of Visible Light Communication Systems},
    School = {Hong Kong University of Science and Technology},
    Year = {2015},
    Type = {PhD Thesis},
    Address = {Hong Kong}}
    
@inbook{hamamatsu,
    Author = {{Hamamatsu Photonics}},
    Title = {Hamamatsu Opto-semiconductor Handbook},
    Chapter = {2},
    Month = {Jan.},
    Year = {2021},
    Publisher = {Hamamatsu Photonics K.K.},
    url = {https://www.hamamatsu-news.de/hamamatsu_optosemiconductor_handbook/}}
    
@article{Wouter,
	Author = {Wouter Diels and Michiel Steyaert and Filip Tavernier},
	Journal = {IEEE Journal of Solid-State Circuits},
	Number = {7},
	Pages = {1776-1784},
	Title = {1310/1550 nm Optical Receivers With Schottky
Photodiode in Bulk CMOS},
	Volume = {55},
	Month = {Jul.},
	Year = {2020}}
	
@phdthesis{FengyuChe,
    Author = {Fengyu Che},
    Title = {DVLC Transceiver System Design Using LED for IEEE 802.15.7 Standard},
    School = {Hong Kong University of Science and Technology},
    Month = {Jan.},
    Year = {2015},
    Type = {PhD Thesis},
    Address = {Hong Kong}}

@book{RazaviOpt,
    Author = {Behzad Razavi},
    Title = {Design of Integrated Circuits for Optical Communications},
    Publisher = {John Wiley \& Sons, Inc},
    Year = {2012},
    Edition = {2nd}
}

@book{RazaviFundM,
    Author = {Behzad Razavi},
    Title = {Fundamentals of Microelectronics},
    Publisher = {John Wiley \& Sons, Inc},
    Year = {2013},
    Edition = {2nd}
}

@patent{Shive,
    Author={J. N. Shive},
    Howpublished={{Apr. 6, 1949}, {Jul. 17, 1951}},
    number={{U.S. Patent No. 2,560,606}},
    Title={Photoresistive Translating Device},
    Year = {1951}}
    
@book{Sze,
    Author = {S. M. Sze and Kwok K. Ng},
    Title = {Physics of Semiconductor Devices},
    Publisher = {John Wiley \& Sons, Inc},
    Year = {2006},
    Edition = {3rd}
}

@book{JohnSingleton,
    Author = {John Singleton},
    Title = {Band Theory and Electronic Properties of Solids},
    Publisher = {Oxford University Press Inc.},
    Year = {2001}
}

@phdthesis{andrefontoura,
    Author = {André da Fontoura Ponchet},
    Title = {Projeto de Amplificadores de Transimpedância de Baixo Ruído para Redes Ópticas de Longa Distância},
    School = {Universidade Estadual de Campinas},
    Year = {2015},
    Type = {Tese de Doutorado},
    Address = {Campinas}}
    
@book{ajoy,
    Author = {Ajoy Ghatak and K. Thyagarajan},
    Title = {Introduction to fiber optics},
    Publisher = {Cambridge University Press},
    Year = {1998}
}

@mastersthesis{VictorRodrigues,
	Author = {Victor Rodrigues Barbosa},
	School = {Universidade Federal de Minas Gerais},
	Title = {Projeto de um Oscilador em Anel Controlado por Tensão de Múltiplas Saídas em Tecnologia CMOS 180 nm},
	Type = {Trabalho de Conclusão de Curso},
	Year = {2020}}
	
@mastersthesis{LucasChaves,
	Author = {Lucas Martins Chaves},
	School = {Universidade Federal de Minas Gerais},
	Title = {Projeto de um Conversor CC-CC CMOS para Aplicações de Energy Harvesting},
	Type = {Trabalho de Conclusão de Curso},
	Year = {2019}}